@BOOK{Andreas,
AUTHOR="John Doe",
TITLE="The Book without Title",
PUBLISHER="Dummy Publisher",
YEAR="2100",
}


@online{xed,
    author = {Charney, Mark},
    title  = {X86 Encoder Decoder},
    date   = {2018-04-13},
    url    = {https://intelxed.github.io/ref-manual/index.html}
}

@online{nehalem,
    author = {Appaloosa},
    title  = {CC BY-SA 3.0 - Nehalem Architecure},
    date   = {2018-04-12},
    url    = {https://commons.wikimedia.org/w/index.php?curid=3887926}
}


@online{iaca,
    author = {Hirsh,  Israel and S., Gideon},
    title  = {IACA homepage},
    date   = {2018-06-04},
    url    = {https://software.intel.com/en-us/articles/intel-architecture-code-analyzer}
}


@online{userguide,
    author = {Hirsh,  Israel and S., Gideon},
    title  = {IACA userguide},
    date   = {2018-06-04},
    url    = {https://software.intel.com/sites/default/files/managed/3d/23/intel-architecture-code-analyzer-3.0-users-guide.pdf}
}

@online{osaca-web,
    author = {Laukemann,  Jan},
    title  = {OSACA Website},
    date   = {2018-06-07},
    url    = {https://github.com/RRZE-HPC/OSACA}
}

@online{osaca-thesis,
    author = {Laukemann,  Jan},
    title  = {OSACA Thesis},
    date   = {2018-06-07},
    url    = {https://github.com/RRZE-HPC/OSACA/blob/master/doc/Design_and_Implementation_For_a_Framework_Predicting_Instruction_Throughput.pdf}
}


@online{ibench,
    author = {Hofmann,  Johannes},
    title  = {ibench - Instruction Benchmarks},
    date   = {2017},
    url    = {https://github.com/hofm/ibench}
}




